<record><leader>00000cas a22000007a 4500</leader><controlfield tag="001">10286644</controlfield><controlfield tag="008">840111d18591917pauwr ne      0    0eng d</controlfield><datafield ind1=" " ind2=" " tag="010"><subfield code="a">sn 84026033 </subfield></datafield><datafield ind1=" " ind2=" " tag="040"><subfield code="a">NPU</subfield><subfield code="b">eng</subfield><subfield code="c">NPU</subfield><subfield code="d">NPX</subfield><subfield code="d">NPH</subfield><subfield code="d">OCLCQ</subfield></datafield><datafield ind1=" " ind2=" " tag="042"><subfield code="a">msc</subfield></datafield><datafield ind1="0" ind2="0" tag="245"><subfield code="a">Delaware County American.</subfield></datafield><datafield ind1="1" ind2="3" tag="246"><subfield code="a">Delaware County American and Media advertiser</subfield></datafield><datafield ind1=" " ind2=" " tag="260"><subfield code="a">Media, Delaware County, Pa. :</subfield><subfield code="b">D.A. Vernon</subfield></datafield><datafield ind1=" " ind2=" " tag="300"><subfield code="a">v. ;</subfield><subfield code="c">73 cm.</subfield></datafield><datafield ind1=" " ind2=" " tag="310"><subfield code="a">Weekly</subfield></datafield><datafield ind1="1" ind2=" " tag="362"><subfield code="a">Began with Mar. 9, 1859 issue; ceased in 1917?</subfield><subfield code="z">Cf. NIM.</subfield></datafield><datafield ind1=" " ind2=" " tag="500"><subfield code="a">Proprietor: David A. Vernon, &lt;1869&gt;.</subfield></datafield><datafield ind1=" " ind2=" " tag="500"><subfield code="a">"Republican," &lt;1876&gt;.</subfield></datafield><datafield ind1=" " ind2=" " tag="588"><subfield code="a">Description based on: Vol. 7, no. 22 (July 17, 1861).</subfield></datafield><datafield ind1=" " ind2=" " tag="752"><subfield code="a">United States</subfield><subfield code="b">Pennsylvania</subfield><subfield code="c">Delaware</subfield><subfield code="d">Media.</subfield></datafield><datafield ind1="0" ind2="0" tag="780"><subfield code="t">Delaware County American and Media advertiser</subfield><subfield code="w">(DLC)sn 86053626</subfield></datafield></record>